@Article{taxonomy,
 	author = {Nizar R. Mabroukeh and C. I. Ezeife},
	sortname = {Mabroukeh},
 	title = {A Taxonomy of Sequential Pattern Mining Algorithms},
 	journaltitle  = {ACM Computing Surveys},
 	volume = {43},
	number = {1},
 	date  = {2010},
 	pages	 = {3:1-3:41}
}

@Article{spm_taxonomy1,
 	author = {J. Srivastava and R. Cooley and M. Deshpande and P.-N. Tan},
	sortname = {Srivastava},
 	title = {Web usage mining: Discovery and applications of usage patterns from Web data},
 	journaltitle  = {ACM SIGKDD},
 	volume = {2},
	number = {1},
 	date  = {2000},
 	pages	 = {12-23}
}

@Article{spm_taxonomy2,
 	author = {F. M. Facca and P. L. Lanzi},
	sortname = {Facca},
 	title = {Recent developments in web usage mining research},
 	journaltitle  = {Proceedings of the 5th International Conference on Data Warehousing and Knowledge Discovery},
 	date  = {2003},
}

@Article{spm_taxonomy3,
 	author = {F. Masseglia and M. Teisseire and P. Poncelet},
	sortname = {Masseglia},
 	title = {Sequential pattern mining: A survey on issues and approaches},
 	journaltitle  = {Encyclopedia of Data Warehousing and Mining},
 	date  = {2005},
 	pages	 = {1-14}
}

@Article{spm_taxonomy4,
 	author = {R. Iváncsy and I. Vajk},
	sortname = {Iváncsy},
 	title = {Frequent pattern mining in web log data},
 	journaltitle  = {Acta Polytech. Hungarica},
 	volume = {3},
	number = {1},
 	date  = {2006},
 	pages	 = {77-90}
}

@Article{friedman_h,
 	author = {J. H. Friedman and B. E. Popescu},
	sortname = {Friedman},
 	title = {Predictive Learning via Rule Ensembles},
 	journaltitle  = {The Annals of Applied Statistics},
 	volume = {2},
	number = {3},
 	date  = {2008},
 	pages	 = {916-954}
}

@Article{hvsm,
 	author = {S. Song and H. Hu and S. Jin},
	sortname = {Song},
 	title = {HVSM: A new sequential pattern mining algorithm using bitmap representation},
 	journaltitle  = {Advanced Data Mining and Applications},
 	volume = {3584},
 	date  = {2005},
 	pages	 = {455-463}
}

@Article{lapin,
 	author = {Z. Yang and Y. Wang and M. Kitsuregawa},
	sortname = {Yang},
 	title = {LAPIN: Effective sequential pattern mining algorithms by last position induction for dense databases},
 	journaltitle  = {Advances in Databases: Concepts, Systems and Applications},
 	volume = {4443},
 	date  = {2007},
 	pages	 = {1020-1023}
}

@Article{aprioriall,
 	author = {R. Agrawal and R. Srikant},
	sortname = {Agrawal},
 	title = {Mining sequential patterns},
 	journaltitle  = {Proceedings of the 11th Conference on Data Engineering (ICDE'95)},
 	date  = {1995},
 	pages	 = {3-14}
}

@Article{gsp,
 	author = {R. Srikant and R. Agrawal},
	sortname = {Srikant},
 	title = {Mining sequential patterns: Generalizations and performance improvements},
 	journaltitle  = {Proceedings of the 5th International Conference on Extending Database Technology: Advances in Database Technology},
 	volume = {1057},
 	date  = {1996},
 	pages	 = {3-17}
}

@Article{psp,
 	author = {F. Masseglia and O. Poncelet and R. Cicchetti},
	sortname = {Masseglia},
 	title = {An efficient algorithm for web usage mining},
 	journaltitle  = {Network Inform. Syst. J. 2},
 	date  = {1999},
 	pages	 = {571-603}
}

@Article{spam,
 	author = {J. Ayres and J. Flannick and J. Gehrke and T. Yiu},
	sortname = {Ayres},
 	title = {Sequential pattern mining using a bitmap representation},
 	journaltitle  = {Proceedings of the 8th ACM SIGKDD International Conference on Knowledge Discovery and Data Mining},
 	date  = {2002},
 	pages	 = {429-435}
}

@Article{freespan,
 	author = {J. Han and J. Pei and B. Mortazavi-Asl and Q. Chen and U. Dayal and M.-C. Hsu},
	sortname = {Han},
 	title = {Freespan: Frequent pattern projected sequential pattern mining},
 	journaltitle  = {Proceedings of the 6th ACM SIGKDD International Conference on Knowledge Discovery and Data Mining},
 	date  = {2000},
 	pages	 = {355-359}
}

@Article{prefixspan,
 	author = {J. Pei and J. Hani and B. Mortazavi-Asl and H. PINTO},
	sortname = {Pei},
 	title = {PrefixSpan: Mining sequential patterns efficiently by prefix-projected pattern growth},
 	journaltitle  = {Proceedings of the International Conference on Data Engineering},
 	date  = {2001},
 	pages	 = {215-224}
}

@Article{wapmine,
 	author = {J. Pei and J. Hani and B. Mortazavi-Asl and H. Zhu},
	sortname = {Pei},
 	title = {Mining access patterns efficiently from web logs},
 	journaltitle  = {Knowledge Discovery and Data Mining. Current Issues and New Applications. Lecture Notes Computer Science},
	volume = {1805},
 	date  = {2000},
 	pages	 = {396-407}
}

@Article{fsminer,
 	author = {M. El-Sayed and C. Ruiz and E. A. Rundensteiner},
	sortname = {El-Sayed},
 	title = {FS-Miner: Efficient and incremental mining of frequent sequence patterns in web logs},
 	journaltitle  = {Proceedings of the 6th Annual ACM International Workshop on Web Information and Data Management},
 	date  = {2004},
 	pages	 = {128-135}
}

@Article{discall,
 	author = {D.-Y. Chiu and Y.-H. Wu and A. L. P. Chen},
	sortname = {Chiu},
 	title = {An efficient algorithm for mining frequent sequences by a new strategy without support counting},
 	journaltitle  = {Proceedings of the 20th International Conference on Data Engineering},
 	date  = {2004},
 	pages	 = {375-386}
}

@Article{plwap,
 	author = {C. I. Ezeife and Y. Lu and Y. Liu},
	sortname = {Ezeife},
 	title = {PLWAP sequential mining: Open source code},
 	journaltitle  = {Proceedings of the 1st International Workshop on Open Source Data Mining: Frequent Pattern Mining Implementation},
 	date  = {2005},
 	pages	 = {26-35}
}

@Article{spade,
 	author = {M. J. Zaki},
	sortname = {Zaki},
 	title = {SPADE: An efficient algorithm for mining frequent sequences},
 	journaltitle  = {Mach. Learn.},
	volume ={42},
 	date  = {2001},
 	pages	 = {31-60}
}

@Article{lu_ezeife,
 	author = {Y. Lu and C. I. Ezeife},
	sortname = {Lu},
 	title = {Position coded pre-order linked WAP-tree for web log sequential pattern minings},
 	journaltitle  = {Proceedings of the 7th Pacific-Asia Conference on Knowledge Discovery and Data Mining},
 	date  = {2003},
 	pages	 = {337-349}
}

@Article{wang_han,
 	author = {J. Wang and J. Han},
	sortname = {Wang},
 	title = {BIDE: Efficient mining of frequent closed sequences},
 	journaltitle  = {Proceedings of the 20th International Conference on Data Engineering},
 	date  = {2004},
 	pages	 = {79-90}
}

@Article{goethals,
 	author = {B. Goethals},
	sortname = {Goethals},
 	title = {Frequent set mining},
 	journaltitle  = {The Data Mining and Knowledge Discovery Handbook},
 	date  = {2005},
 	pages	 = {377–397}
}

@Article{lexico,
 	author = {R. Rymon},
	sortname = {Rymon},
 	title = {Search through systematic set enumeration},
 	journaltitle  = {Proceedings of the 3rd International Conference on Principles of Knowledge Representation and Reasoning},
 	date  = {1992},
 	pages	 = {539-550}
}

@Article{cox,
 	author = {D. R. Cox},
	sortname = {Cox},
 	title = {Regression Models and Life-Tables},
 	journaltitle  = {Journals of the Royal Statistical Society},
	volume = {34},
	number = {2},
 	date  = {1972},
 	pages	 = {187-220}
}

@Article{fried_stoch,
 	author = {J. H. Friedman},
	sortname = {Friedman},
 	title = {Stochastic Gradient Boosting},
 	journaltitle  = {Computational Statistics and Data Analysis},
	volume = {38},
	number = {4},
 	date  = {2002},
 	pages	 = {367-378}
}

@Manual{forceatlas2,
 	author = {M. Jacomy and S. Heymann and T. Venturini and M. Bastian},
	sortname = {Jacomy},
 	title = {ForceAtlas2, A Graph Layout Algorithm for Handy Network Visualization},
 	year  = {2011},
    	url = {http://webatlas.fr/tempshare/ForceAtlas2_Paper.pdf},
}

@Manual{yifanhu,
 	author = {Yifan Hu},
	sortname = {Hu},
 	title = {Efficient and High Quality Force-Directed Graph Drawing},
	url = {http://yifanhu.net/PUB/graph_draw_small.pdf},
}

@Article{freund,
 	author = {Y. Freund and R. E. Schapire},
	sortname = {Freund},
 	title = {A decision-theoretic generalization of online learning and an application to boosting},
 	journaltitle  = {Journal of Computer and System Sciences},
	volume = {55},
	number = {1},
 	date  = {1997},
 	pages	 = {119-139}
}

@Article{fried_greedy,
 	author = {J. H. Friedman},
	sortname = {Friedman},
 	title = {Greedy Function Approximation: A Gradient Boosting Machine},
 	journaltitle  = {Annals of Statistics},
	volume = {29},
	number = {5},
 	date  = {2001},
 	pages	 = {1189-1232}
}

@Article{gephi_bastian,
 	author = {M. Bastian and S. Heymann and M. Jacomy},
	sortname = {Bastian},
 	title = {Gephi: An Open Source Software for Exploring and Manipulating Networks},
 	journaltitle  = {Proceedings of the Third International ICWSM Conference},
 	date  = {2009},
 	pages	 = {361-362}
}

@Article{fried_additive,
 	author = {J. H. Friedman and T. Hastie and R. Tibshirani},
	sortname = {Friedman},
 	title = {Additive Logistic Regression: a Statistical View of Boosting},
 	journaltitle  = {Annals of Statistics},
	volume = {28},
	number = {2},
 	date  = {2000},
 	pages	 = {337-374}
}

@Article{ridgeway_state,
 	author = {G. Ridgeway},
	sortname = {Ridgeway},
 	title = {The state of boosting},
 	journaltitle  = {Computing Science and Statistics},
	volume = {31},
	date  = {1999},
 	pages	 = {172-181}
}

@Article{ridgeway_gbm,
 	author = {G. Ridgeway},
	sortname = {Ridgeway},
 	title = {Generalized Boosted Models: A guide to the gbm package},
	date  = {2009},
 }

  @Manual{gbm,
    title = {gbm: Generalized Boosted Regression Models},
    author = {Greg Ridgeway with contributions from others},
    year = {2013},
    note = {R package version 2.1},
    url = {http://CRAN.R-project.org/package=gbm},
  }


 @Manual{rgexf,
    title = {rgexf: An R package to build GEXF graph files},
    author = {George Vega Yon and Jorge Fábrega Lacoa and Joshua B. Kunst},
    year = {2014},
    note = {R package version 0.14.3.11},
    url = {http://CRAN.R-project.org/package=rgexf},
  }

  @Manual{arulesSequences,
    title = {arulesSequences: Mining frequent sequences},
    author = {Christian Buchta and Michael Hahsler and with contributions from Daniel Diaz},
    year = {2014},
    note = {R package version 0.2-6},
    url = {http://CRAN.R-project.org/package=arulesSequences},
  }

@Book{network_data,
	author = {Eric D. Kolaczyk},
	sortname = {Kolaczyk},
 	title = {Statistical Analysis of Network Data},
	subtitle = {Methods and Models},
	publisher = {Springer},
	location = {New York},
	date = {2009},
}


@Book{lattices,
	author = {B. A. Davey and H. A. Priestley},
	sortname = {Davey},
 	title = {Introduction to Lattices and Order},
	publisher = {Cambridge University Press},
	location = {Cambridge},
	date = {2002},
}

@Manual{r,
	title = {R: A Language and Environment for Statistical Computing},
	author = {R Development Core Team},
	sortname = {R},
 	organization = {R Foundation for Statistical Computing},
	location = {Vienna, Austria},
	year = {2012},
	note = {{ISBN} 3-900051-07-0},
	url = {http://www.R-project.org/},
}

@misc{wiki:nachweisgrenze,
	author = {Wikipedia},
	title = {Nachweisgrenze},
	date = {2012-03-22},
	url = {http://de.wikipedia.org/wiki/Nachweisgrenze},
}

@online{qd:unternehmensdarstellung,
	author = {QuoData},
	title = {Unternehmensdarstellung},
	date = {2012-03-22},
	url = {http://quodata.de/fileadmin/unternehmen/Unternehmensdarstellung/Unternehmensdarstellung\_de.pdf},
}

@online{tudortmund:hka,
	author = {J. Rahnenf\"{u}hrer},
	sortname = {Rahnenf\"{u}hrer},
	title = {Multivariate Verfahren},
	date = {2012-03-22},
	url ={http://www.statistik.tu-dortmund.de/fileadmin/user_upload/Lehrstuehle/Genetik/MV0809/Vorlesung20081106_2x.pdf},
}


@Article{duncan,
 	author = {O.D. Duncan and B. Davis},
	sortname = {Duncan},
 	title = {An alternative to ecological correlation},
 	journaltitle  = {American Sociological Review},
 	volume = {18},
 	date  = {1953},
 	pages	 = {665-666}
}

@Article{goodman,
 	author = {L. Goodman},
	sortname = {Goodman},
 	title = {Ecological regressions and the behaviour of individuals},
 	journaltitle  = {American Sociological Review},
 	volume = {18},
 	date  = {1953},
 	pages	 = {663-664}
}

@Article{king,
 	author = {Gary King and Martin A. Tanner and Ori Rosen},
	sortname = {King},
 	title = {Binomial-beta hierarchical models for ecological inference},
 	journaltitle  = {Sociological Methods and Research},
 	volume = {28},
 	date  = {1999},
 	pages	 = {61-90}
}

@Article{rosen,
 	author = {Ori Rosen and Wenxin Jiang and Gary King and Martin A. Tanner},
	sortname = {Rosen},
 	title = {Bayesian and frequentist inference for ecological inference: the r x c case},
 	journaltitle  = {Statistica Neerlandica},
 	date  = {2001},
	volume = {55},
 	pages	 = {134-156}
}

@Book{schlesinger,
	author = {Thomas Schlesinger},
	sortname = {Schlesinger},
 	title = {Kombination von Aggregat- und Individualdaten bei der Analyse von RxC-Tafeln},
	subtitle ={Neue Implementierungen in R},
	publisher = {Masterarbeit},
	location = {München},
	date = {2013},
}

@Book{stichproben,
	author = {Göran Kauermann and Helmut Küchenhoff},
	sortname = {Kauermann},
 	title = {Stichproben},
	subtitle ={Methoden Und Praktische Umsetzung Mit R},
	publisher = {Springer-Verlag},
	date = {2011},
}

@Article{wakefield,
 	author = {Jon Wakefield},
	sortname = {Wakefield},
 	title = {Ecological inference for 2x2 tables},
 	journaltitle  = {Royal Statistical Society},
 	volume = {167},
 	date  = {2004},
 	pages	 = {385-445}
}

  @Book{ggplot2,
    author = {Hadley Wickham},
    title = {ggplot2: elegant graphics for data analysis},
    publisher = {Springer New York},
    year = {2009},
    isbn = {978-0-387-98140-6},
    url = {http://had.co.nz/ggplot2/book},
  }

  @Manual{gridExtra,
    title = {gridExtra: functions in Grid graphics},
    author = {Baptiste Auguie},
    year = {2012},
    note = {R package version 0.9.1},
    url = {http://CRAN.R-project.org/package=gridExtra},
  }



@online{ltw13,
	author = {Statistisches Amt Landeshauptstadt München},
	sortname = {Statistisches Amt Landeshauptstadt München},
	title = {Stimmberzirksergebnisse (Zweitstimme) der bayerischen Landtagswahl 2013 für die Stadt München},
	date = {2014-05-20},
	url ={http://www.muenchen.de/rathaus/Stadtinfos/Statistik/Wahlen/Landtagswahl/download.html},
}

@online{btw13,
	author = {Statistisches Amt Landeshauptstadt München},
	sortname = {Statistisches Amt Landeshauptstadt München},
	title = {Stimmberzirksergebnisse (Zweitstimme) der Bundestagswahll 2013 für die Stadt München},
	date = {2014-05-20},
	url ={www.muenchen.de/rathaus/Stadtverwaltung/Kreisverwaltungsreferat/Wahlen-und-Abstimmungen/Wahlergebnisse-Bundestagswahl.html},
}

@online{ltw08,
	author = {Statistisches Amt Landeshauptstadt München},
	sortname = {Statistisches Amt Landeshauptstadt München},
	title = {Stimmberzirksergebnisse (Zweitstimme) der bayerischen Landtagswahl 2008 für die Stadt München},
	date = {2014-05-20},
	url ={http://www.mstatistik-muenchen.de/themen/wahlen/wahlberichterstattung/ltw2008/index.html},
}

@online{btw09,
	author = {Statistisches Amt Landeshauptstadt München},
	sortname = {Statistisches Amt Landeshauptstadt München},
	title = {Stimmberzirksergebnisse (Zweitstimme) der Bundestagswahll 2009 für die Stadt München},
	date = {2014-05-20},
	url ={http://www.mstatistik-muenchen.de/themen/wahlen/wahlberichterstattung/btw2009/index.html},
}

@online{methodikOnline,
	author = {Andrè Klima and Thomas Schlesinger and Paul W. Thurner and Helmut Küchenhoff},
	sortname = {Klima},
	title = {Statistische Methodik zur Wählerwanderungsanalyse der Stadt München},
	date = {2014-05-21},
	url ={www.muenchen.de/rathaus/dms/Home/Stadtinfos/Statistik/wahlen/Landtagswahl/waehlerwanderung_methodikerlaeuterung.pdf},
}

@online{ergebnisMltw,
	author = {Statistisches Amt Landeshauptstadt München},
	sortname = {Statistisches Amt Landeshauptstadt München},
	title = {Wählerwanderungen bei den Landtagswahlen 2008 und 2013 in München},
	date = {2014-05-21},
	url ={http://www.muenchen.de/rathaus/dms/Home/Stadtinfos/Statistik/wahlen/Landtagswahl/waehlersalden.pdf},
}

@online{ergebnisMbtw,
	author = {Statistisches Amt Landeshauptstadt München},
	sortname = {Statistisches Amt Landeshauptstadt München},
	title = {Wählerwanderungen bei den Bundestagswahlen 2009 und 2013 in München},
	date = {2014-05-21},
	url ={www.muenchen.de/rathaus/dms/Home/Stadtinfos/Statistik/wahlen/bundestagswahl/btw_13_waehlerwanderung/btw2013_waehlersalden.pdf},
}






@Book{robert,
	author = {Christian P. Robert},
	sortname = {robert},
 	title = {The Bayesian Choice},
	publisher = {Springer},
	location = {Berlin},
	date = {2007},
	edition = {2. Aufl.},
}

@Book{held,
	author = {Leonhard Held},
	sortname = {Held},
 	title = {Methoden der statistischen Inferenz},
	publisher = {Spektrum Akademischer Verlag},
	location = {Heidelberg},
	date = {2008},
}

@Book{robert_casella,
	author = {Christian P. Robert and George Casella},
	sortname = {robert},
 	title = {Monte Carlo Statistical Methods},
	publisher = {Springer},
	location = {Heidelberg},
	date = {2004},
	edition = {2. Aufl.},
}

@Manual{r,
    title = {R: A Language and Environment for Statistical Computing},
    author = {{R Core Team}},
    organization = {R Foundation for Statistical Computing},
    address = {Vienna, Austria},
    year = {2013},
    url = {http://www.R-project.org/},
}

@Manual{eiwild,
    title = {eiwild: Ecological Inference with individual and aggregate data},
    author = {Thomas Schlesinger},
    year = {2014},
    note = {R package version 0.6.7},
    url = {http://CRAN.R-project.org/package=eiwild},
}

@Manual{foreach,
    title = {foreach: Foreach looping construct for R},
    author = {Revolution Analytics and Steve Weston},
    year = {2014},
    note = {R package version 1.4.2},
    url = {http://CRAN.R-project.org/package=foreach},
}

@Manual{dosnow,
    title = {doSNOW: Foreach parallel adaptor for the snow package},
    author = {Revolution Analytics and Steve Weston},
    year = {2014},
    note = {R package version 1.0.12},
    url = {http://CRAN.R-project.org/package=doSNOW},
}

@Manual{data.table,
    title = {data.table: Extension of data.frame},
    author = {M Dowle and T Short and S Lianoglou and A Srinivasan with contributions from R Saporta and E Antonyan},
    year = {2014},
    note = {R package version 1.9.2},
    url = {http://CRAN.R-project.org/package=data.table},
  }

@Article{plyr,
    title = {The Split-Apply-Combine Strategy for Data Analysis},
    author = {Hadley Wickham},
    journal = {Journal of Statistical Software},
    year = {2011},
    volume = {40},
    number = {1},
    pages = {1--29},
    url = {http://www.jstatsoft.org/v40/i01/},
}
